@article{garcia2020enhanced,
  title={Enhanced twisted arrow categories},
  author={Garc{\'\i}a, Fernando Abell{\'a}n and Stern, Walker H},
  journal={arXiv preprint arXiv:2009.11969},
  year={2020}
}

@book{cisinski2019higher,
  title={Higher categories and homotopical algebra},
  author={Cisinski, Denis-Charles},
  volume={180},
  year={2019},
  publisher={Cambridge University Press}
}

@misc{kerodon,
  author       = {Jacob Lurie},
  title        = {Kerodon},
  howpublished = {\url{https://kerodon.net}},
  year         = {2020},
}

@misc{lurie_tqft_classification,
  Author = {Jacob Lurie},
  Title  = {On the Classification of Topological Field Theories},
  Year   = {2009},
  Eprint = {arXiv:0905.0465}
}

@book{highertopostheory,
  Author    = {Jacob Lurie}, 
  Title     = {Higher Topos Theory},
  Publisher = {Princeton University Press},
  Year      = 2009,
  Isbn      = {978-0-691-14049-0}
}

@misc{spectralmackeyfunctors1,
  Author       = {C. Barwick},
  Title        = {Spectral Mackey functors and equivariant algebraic K-theory (I)},
  Year         = {2014},
  Eprint       = {arXiv:1404.0108},
}

@article{1409.0837,
  Author       = {Rune Haugseng},
  Title        = {Iterated spans and classical topological field theories},
  Year         = {2014},
  Eprint       = {arXiv:1409.0837},
  Howpublished = {Mathematische Zeitschrift 289(3) (2018), 1427-1488},
  Doi          = {10.1007/s00209-017-2005-x},
}

@article{qcats_vs_segal_spaces,
  Author       = {A. Joyal, M. Tierney},
  Title        = {Quasi-categories vs Segal spaces},
  Year         = {2014},
  Eprint       = {arXiv:1409.0837},
  Howpublished = {Contemp.\ Math. 431 (2007), pp. 277--326},
}

@article{luriehigheralgebra,
  Author       = {J. Lurie},
  Title        = {Higher Algebra},
  Year         = {2017},
}

@misc{spectralmackeyfunctors2,
  Author       = {C. Barwick, S. Glasman, J. Shah},
  Title        = {Spectral Mackey functors and equivariant algebraic K-theory (II)},
  Year         = {2016},
  Eprint       = {arXiv:1505.03098v2},
}

@misc{angus_higher_cats,
  Author = {Angus Rush},
  Title  = {Notes on Higher Categories},
}

@article{beckergottlieb,
  title={The transfer map and fiber bundles},
  author={Becker, J. C.; Gottlieb, D. H.},
  journal={topology},
  volume={14},
  pages={1--12},
  year={1975}
}

@article{rezk2001model,
  title={A model for the homotopy theory of homotopy theory},
  author={Rezk, Charles},
  journal={Transactions of the American Mathematical Society},
  volume={353},
  number={3},
  pages={973--1007},
  year={2001}
}

@Article{Joyal2006,
  author      = {Andre Joyal and Myles Tierney},
  date        = {2006-07-31},
  title       = {Quasi-categories vs Segal spaces},
  eprint      = {math/0607820v2},
  eprintclass = {math.AT},
  eprinttype  = {arXiv},
  abstract    = {We show that complete Segal spaces and Segal categories are Quillen equivalent to quasi-categories.},
  file        = {:http\://arxiv.org/pdf/math/0607820v2:PDF},
  keywords    = {math.AT, 55U35;18G30;18G55},
}

@ARTICLE{rasekhcartesianfibrations,
  author = {{Rasekh}, Nima},
  title = "{Cartesian Fibrations and Representability}",
  journal = {arXiv e-prints},
  keywords = {Mathematics - Category Theory, Mathematics - Algebraic Topology},
  year = 2017,
  month = nov,
  eid = {arXiv:1711.03670},
  pages = {arXiv:1711.03670},
  archivePrefix = {arXiv},
  eprint = {1711.03670},
  primaryClass = {math.CT},
  adsurl = {https://ui.adsabs.harvard.edu/abs/2017arXiv171103670R},
  adsnote = {Provided by the SAO/NASA Astrophysics Data System}
}

@ARTICLE{2016arXiv160500706B,
  author = {{Boavida de Brito}, Pedro},
  title = "{Segal objects and the Grothendieck construction}",
  journal = {arXiv e-prints},
  keywords = {Mathematics - Algebraic Topology},
  year = 2016,
  month = may,
  eid = {arXiv:1605.00706},
  pages = {arXiv:1605.00706},
  archivePrefix = {arXiv},
  eprint = {1605.00706},
  primaryClass = {math.AT},
  adsurl = {https://ui.adsabs.harvard.edu/abs/2016arXiv160500706B},
  adsnote = {Provided by the SAO/NASA Astrophysics Data System}
}

@Book{roushtransfer,
  author    = {Roush, F. W.},
  date      = {1972},
  title     = {Transfer in Generalized Cohomology Theories},
  publisher = {Princeton University},
  subtitle  = {(Ph.D. thesis)},
}

@article{garcia20212,
  title={2-Cartesian fibrations I: A model for $$\backslash$infty $-bicategories fibred in $$\backslash$infty $-bicategories},
  author={Garc{\'\i}a, Fernando Abell{\'a}n and Stern, Walker H},
  journal={arXiv preprint arXiv:2106.03606},
  year={2021}
}
